@article{koyama2020variant,
  title={Variant analysis of SARS-CoV-2 genomes},
  author={Koyama, Takahiko and Platt, Daniel and Parida, Laxmi},
  journal={Bulletin of the World Health Organization},
  volume={98},
  number={7},
  pages={495},
  year={2020},
  publisher={World Health Organization}
}

@article{Bolger2014,
  title={Trimmomatic: A flexible trimmer for Illumina sequence data},
  author={Bolger, Anthony M and Lohse, Marc and Usadel, Bjoern},
  journal={Bioinformatics},
  volume={30},
  number={15},
  pages={2114--2120},
  year={2014},
  publisher={Oxford University Press}
}

@article{Hoffmann2020,
  title={SARS-CoV-2 cell entry depends on ACE2 and TMPRSS2
  and is blocked by a clinically proven protease inhibitor},
  author={Hoffmann, Markus and Kleine-Weber, Hannah and Schroeder,
  Simon and Kr{\"u}ger, Nadine and Herrler, Tanja and Erichsen,
  Sandra and Schiergens, Tobias S and Herrler, Georg and Wu, Nai-Huei and
  Nitsche, Andreas and others},
  journal={Cell},
  volume={181},
  number={2},
  pages={271--280},
  year={2020},
  publisher={Elsevier}
}

@manual{SRAtoolkit,
  title={SRA Toolkit Documentation},
  author={National Center for Biotechnology Information},
  year={2024},
  note={\url{https://github.com/ncbi/sra-tools}}
}

@article{Andrews2010,
  title={FastQC: A quality control tool for high throughput sequence data},
  author={Andrews, Simon},
  year={2010},
  note={\url{https://www.bioinformatics.babraham.ac.uk/projects/fastqc/}}
}

@manual{SAMtools,
  title={SAMtools: Sequence Alignment/Map format},
  author={Li, Heng and Handsaker, Bob and Wysoker, Alec and Fennell,
  Tim and Ruan, Jue and Homer, Nils and Marth, Gabor and Abecasis,
  Goncalo and Durbin, Richard},
  year={2009},
  note={\url{http://www.htslib.org}}
}

@manual{Rmarkdown2021,
  title={R Markdown: The definitive guide},
  author={Xie, Yihui and Allaire, JJ and Grolemund, Garrett},
  year={2021},
  publisher={CRC Press}
}

@article{Wickham2016,
  title={ggplot2: Elegant graphics for data analysis},
  author={Wickham, Hadley},
  journal={Springer},
  year={2016}
}

@article{Langmead2012,
  title={Fast gapped-read alignment with Bowtie 2},
  author={Langmead, Ben and Salzberg, Steven L},
  journal={Nature Methods},
  volume={9},
  number={4},
  pages={357--359},
  year={2012},
  publisher={Springer}
}

@article{Li2009,
  title={The sequence alignment/map (SAM) format and SAMtools},
  author={Li, Heng and Handsaker, Bob and Wysoker, Alec and Fennell,
  Tim and Ruan, Jue and Homer, Nils and Marth, Gabor and Abecasis,
  Goncalo and Durbin, Richard and 1000 Genome
  Project Data Processing Subgroup},
  journal={Bioinformatics},
  volume={25},
  number={16},
  pages={2078--2079},
  year={2009},
  publisher={Oxford University Press}
}

@manual{GISAID,
  title={GISAID database for SARS-CoV-2 sequences},
  author={GISAID Initiative},
  year={2024},
  note={\url{https://gisaid.org}}
}

@article{Li2010,
  author = {Li, H. and Durbin, R.},
  title = {Fast and accurate short read alignment with {Burrows--Wheeler}
  transform},
  journal = {Bioinformatics},
  year = {2010},
  volume = {26},
  number = {5},
  pages = {589--595},
  doi = {10.1093/bioinformatics/btp698}
}
